@article{yousef2010intelligent,
  title={Intelligent traffic light flow control system using wireless sensors networks.},
  author={Yousef, Khalil M and Al-Karaki, Mamal N and Shatnawi, Ali M},
  journal={J. Inf. Sci. Eng.},
  volume={26},
  number={3},
  pages={753--768},
  year={2010},
  publisher={Citeseer}
}

@inproceedings{kutil2006balancing,
  title={Balancing the waiting times in a simple traffic intersection model},
  author={Kutil, Michal and Hanz{\'a}lek, Zdenek and Cervin, Anton and FEE, CAKDCE},
  organization={Citeseer}
}

@online{WinNT,
  author = {Faye, Chaudet, Demeure},
  title = {Multiple Intersections Adaptive Traffic Lights Control using a Wireless Sensor Networks},
  year = 2013,
  url = {http://service.tsi.telecom-paristech.fr/cgi-bin/valipub_download.cgi?dId=267},
  urldate = {2017-03-11}
}

@article{huang2008modeling,
  title={Modeling and Analysis of Urban Traffic Lights Control Systems Using Timed CP-nets.},
  author={Huang, Yi-Sheng and Chung, Ta-Hsiang},
  journal={J. Inf. Sci. Eng.},
  volume={24},
  number={3},
  pages={875--890},
  year={2008}
}

@inproceedings{de1999optimal,
  title={Optimal traffic light control for a single intersection},
  author={De Schutter, Bart},
  booktitle={American Control Conference, 1999. Proceedings of the 1999},
  volume={3},
  pages={2195--2199},
  year={1999},
  organization={IEEE}
}